%YAML 1.1
%TAG !u! tag:unity3d.com,2011:
--- !u!1 &109170
GameObject:
  m_ObjectHideFlags: 0
  m_PrefabParentObject: {fileID: 0}
  m_PrefabInternal: {fileID: 100100000}
  serializedVersion: 4
  m_Component:
  - 4: {fileID: 422352}
  - 212: {fileID: 21214820}
  - 95: {fileID: 9589962}
  - 61: {fileID: 6124176}
  - 50: {fileID: 5062602}
  - 114: {fileID: 11431384}
  m_Layer: 8
  m_Name: Player
  m_TagString: Player
  m_Icon: {fileID: 0}
  m_NavMeshLayer: 0
  m_StaticEditorFlags: 0
  m_IsActive: 1
--- !u!4 &422352
Transform:
  m_ObjectHideFlags: 1
  m_PrefabParentObject: {fileID: 0}
  m_PrefabInternal: {fileID: 100100000}
  m_GameObject: {fileID: 109170}
  m_LocalRotation: {x: 0, y: 0, z: 0, w: 1}
  m_LocalPosition: {x: 1, y: 1, z: 0}
  m_LocalScale: {x: 1, y: 1, z: 1}
  m_Children: []
  m_Father: {fileID: 0}
  m_RootOrder: 0
--- !u!50 &5062602
Rigidbody2D:
  serializedVersion: 2
  m_ObjectHideFlags: 1
  m_PrefabParentObject: {fileID: 0}
  m_PrefabInternal: {fileID: 100100000}
  m_GameObject: {fileID: 109170}
  m_Mass: 1
  m_LinearDrag: 0
  m_AngularDrag: .0500000007
  m_GravityScale: 1
  m_IsKinematic: 1
  m_Interpolate: 0
  m_SleepingMode: 1
  m_CollisionDetection: 0
  m_Constraints: 0
--- !u!61 &6124176
BoxCollider2D:
  m_ObjectHideFlags: 1
  m_PrefabParentObject: {fileID: 0}
  m_PrefabInternal: {fileID: 100100000}
  m_GameObject: {fileID: 109170}
  m_Enabled: 1
  m_Material: {fileID: 0}
  m_IsTrigger: 0
  m_UsedByEffector: 0
  m_Offset: {x: 0, y: 0}
  serializedVersion: 2
  m_Size: {x: 1, y: 1}
--- !u!95 &9589962
Animator:
  serializedVersion: 3
  m_ObjectHideFlags: 1
  m_PrefabParentObject: {fileID: 0}
  m_PrefabInternal: {fileID: 100100000}
  m_GameObject: {fileID: 109170}
  m_Enabled: 1
  m_Avatar: {fileID: 0}
  m_Controller: {fileID: 9100000, guid: 8d58d815ce10c8c40b1f0e366eb475f0, type: 2}
  m_CullingMode: 0
  m_UpdateMode: 0
  m_ApplyRootMotion: 0
  m_LinearVelocityBlending: 0
  m_WarningMessage: 
  m_HasTransformHierarchy: 1
  m_AllowConstantClipSamplingOptimization: 1
--- !u!114 &11431384
MonoBehaviour:
  m_ObjectHideFlags: 1
  m_PrefabParentObject: {fileID: 0}
  m_PrefabInternal: {fileID: 100100000}
  m_GameObject: {fileID: 109170}
  m_Enabled: 1
  m_EditorHideFlags: 0
  m_Script: {fileID: 11500000, guid: dbba86097fa58b2469537e0731e04e5f, type: 3}
  m_Name: 
  m_EditorClassIdentifier: 
  moveTime: .100000001
--- !u!212 &21214820
SpriteRenderer:
  m_ObjectHideFlags: 1
  m_PrefabParentObject: {fileID: 0}
  m_PrefabInternal: {fileID: 100100000}
  m_GameObject: {fileID: 109170}
  m_Enabled: 1
  m_CastShadows: 0
  m_ReceiveShadows: 0
  m_Materials:
  - {fileID: 10754, guid: 0000000000000000e000000000000000, type: 0}
  m_SubsetIndices: 
  m_StaticBatchRoot: {fileID: 0}
  m_UseLightProbes: 0
  m_ReflectionProbeUsage: 0
  m_ProbeAnchor: {fileID: 0}
  m_ScaleInLightmap: 1
  m_PreserveUVs: 0
  m_ImportantGI: 0
  m_AutoUVMaxDistance: .5
  m_AutoUVMaxAngle: 89
  m_LightmapParameters: {fileID: 0}
  m_SortingLayerID: -423443767
  m_SortingOrder: 0
  m_Sprite: {fileID: 0}
  m_Color: {r: 1, g: 1, b: 1, a: 1}
--- !u!1001 &100100000
Prefab:
  m_ObjectHideFlags: 1
  serializedVersion: 2
  m_Modification:
    m_TransformParent: {fileID: 0}
    m_Modifications:
    - target: {fileID: 0}
      propertyPath: m_IsKinematic
      value: 1
      objectReference: {fileID: 0}
    - target: {fileID: 0}
      propertyPath: m_Layer
      value: 8
      objectReference: {fileID: 0}
    - target: {fileID: 0}
      propertyPath: m_LocalPosition.x
      value: 0
      objectReference: {fileID: 0}
    - target: {fileID: 0}
      propertyPath: m_LocalPosition.y
      value: 0
      objectReference: {fileID: 0}
    - target: {fileID: 0}
      propertyPath: m_TagString
      value: Player
      objectReference: {fileID: 0}
    - target: {fileID: 0}
      propertyPath: m_IsTrigger
      value: 0
      objectReference: {fileID: 0}
    - target: {fileID: 0}
      propertyPath: m_UsedByEffector
      value: 0
      objectReference: {fileID: 0}
    - target: {fileID: 0}
      propertyPath: m_SortingLayerID
      value: -423443767
      objectReference: {fileID: 0}
    - target: {fileID: 0}
      propertyPath: m_ApplyRootMotion
      value: 0
      objectReference: {fileID: 0}
    - target: {fileID: 0}
      propertyPath: m_CollisionDetection
      value: 0
      objectReference: {fileID: 0}
    - target: {fileID: 0}
      propertyPath: m_SleepingMode
      value: 1
      objectReference: {fileID: 0}
    m_RemovedComponents: []
  m_ParentPrefab: {fileID: 0}
  m_RootGameObject: {fileID: 109170}
  m_IsPrefabParent: 1
